<?xml version="1.0" encoding="UTF-8"?><collection xmlns="http://www.loc.gov/MARC21/slim"><record><leader>00411nam--2200133-i-4500</leader><controlfield tag="001">000049212</controlfield><controlfield tag="002">20161230</controlfield><controlfield tag="005">20161230201047</controlfield><controlfield tag="008">060222s1000------------r-----000-0-eng-d</controlfield><datafield ind1=" " ind2=" " tag="080"><subfield code="a">51-73:51.74:681.5:53</subfield></datafield><datafield ind1=" " ind2=" " tag="245"><subfield code="a">Algorimy metodov prikladnoi matematiki dlia fizicheskih issledovanii i voprosy avtomatizacii eksperimentov</subfield></datafield><datafield ind1=" " ind2=" " tag="260"><subfield code="a">Tbilisi, Mecniereba, 1983. 292 S</subfield></datafield><datafield ind1=" " ind2=" " tag="700"><subfield code="a">Iu.G.Mamaladze</subfield></datafield><datafield ind1=" " ind2=" " tag="852"><subfield code="a">71425</subfield></datafield></record></collection>